<record xmlns="http://www.loc.gov/MARC21/slim" xmlns:xsi="http://www.w3.org/2001/XMLSchema-instance" xsi:schemaLocation="http://www.loc.gov/MARC21/slim http://www.loc.gov/standards/marcxml/schema/MARC21slim.xsd">

  <leader>00578nam a2200181Ia 4500</leader>
  <datafield tag="999" ind2=" " ind1=" ">
    <subfield code="c">1791</subfield>
    <subfield code="d">1791</subfield>
  </datafield>
  <controlfield tag="008">180420b2002    c  ||||| |||| 00| | spa d</controlfield>
  <datafield ind1=" " tag="090" ind2=" ">
    <subfield code="a">06.03.06 </subfield>
    <subfield code="b">387</subfield>
  </datafield>
  <datafield ind2=" " tag="100" ind1="1">
    <subfield code="a">Wolff, Laurence</subfield>
    <subfield code="9">461</subfield>
  </datafield>
  <datafield ind1="1" ind2="3" tag="245">
    <subfield code="a">La educación primaria en América Latina:  la agenda inconclusa / </subfield>
    <subfield code="c">Laurence Wolff, Ernesto Schiefelbein, Paulina Schiefelbein</subfield>
  </datafield>
  <datafield ind1=" " tag="260" ind2=" ">
    <subfield code="a">Santiago, Chile :</subfield>
    <subfield code="b">PREAL, </subfield>
    <subfield code="c">[2002]</subfield>
  </datafield>
  <datafield ind1=" " ind2=" " tag="300">
    <subfield code="a">24 páginas</subfield>
  </datafield>
  <datafield ind1=" " ind2=" " tag="490">
    <subfield code="a">Documentos,</subfield>
    <subfield code="v">24</subfield>
  </datafield>
  <datafield ind1=" " tag="650" ind2="0">
    <subfield code="a">EDUCACIÓN PRIMARIA</subfield>
    <subfield code="9">367</subfield>
  </datafield>
  <datafield ind1=" " tag="650" ind2="0">
    <subfield code="a">RENDIMIENTO ACADÉMICO</subfield>
    <subfield code="9">1095</subfield>
  </datafield>
  <datafield ind2=" " tag="700" ind1="1">
    <subfield code="a">Schiefelbein, Ernesto</subfield>
    <subfield code="9">3595</subfield>
  </datafield>
  <datafield ind1="1" ind2=" " tag="700">
    <subfield code="a">Schiefelbein, Paulina</subfield>
    <subfield code="9">3596</subfield>
  </datafield>
  <datafield ind1=" " ind2=" " tag="942">
    <subfield code="2">z</subfield>
    <subfield code="c">01</subfield>
  </datafield>
</record>